@misc{medicine,
	title = {Fuzzy C-Means Clustering on Medical Diagnostic Systems - ResearchGate},
	note = {Disponible en \url{https://www.researchgate.net/publication/235248550_Fuzzy_C-Means_Clustering_on_Medical_Diagnostic_Systems}}
}

@misc{marketing,
	title = {Market definition and segmentation using fuzzy clustering methods - ScienceDirect},
	note = {Disponible en \url{https://www.sciencedirect.com/science/article/abs/pii/0167811686900157}}
}

@misc{recommendation,
	title = {Fuzzy clustering in Social Networks - Fuzzy Student Recommender System},
	note = {Disponible en \url{https://diuf.unifr.ch/main/is/sites/diuf.unifr.ch.main.is/files/documents/student-projects/Masterthesis_Alex_Drobnjak.pdf}}
}
